@article{長門石曉2020医薬品,
  title={医薬品・薬剤探索のためのカロリメトリーの活用},
  author={長門石曉 and 津本浩平},
  journal={熱測定},
  volume={47},
  number={3},
  pages={90--94},
  year={2020},
  publisher={日本熱測定学会}
}

@article{copeland2016drug,
  title={The drug--target residence time model: a 10-year retrospective},
  author={Copeland, Robert A},
  journal={Nature Reviews Drug Discovery},
  volume={15},
  number={2},
  pages={87--95},
  year={2016},
  publisher={Nature Publishing Group UK London}
}